% textbooks.bib

@book{hany_farid,
  title={Photo Forensics},
  edition={Second},
  author={Hany Farid},
  year={2019},
  publisher={The MIT Press},
  isbn={978-0262537001}
}

@book{multimedia_forensics,
  title={Multimedia Forensics},
  edition={Second},
  author={Husrev Taha Sencar, Luisa Verdoliva, Nasir Memon},
  year={2022},
  publisher={Springer},
  isbn={978-981-16-7620-8}
}

@book{handbook,
  title={Handbook of Digital Face Manipulation and Detection},
  edition={Second},
  author={Christian Rathgeb, Ruben Tolosana, Ruben Vera-Rodriguez, Christoph Busch},
  year={2022},
  publisher={Springer},
  isbn={978-3-030-87663-0}
}


@article{vision,
  author =        {Dasara Shullani1, Marco Fontani1, Massimo Iuliani1, Omar Al Shaya1, Alessandro Piva},
  journal =       {EURASIP Journal on Information Security},
  title =         {{VISION: a video and image dataset for source identification}},
  year =          {2017},
}

@article{original,
  author =        {Jan Lukáš, Jessica Fridrich, and Miroslav Goljan},
  journal =       {State University of New York},
  title =         {{Digital Camera Identification from Sensor Pattern Noise}},
  year =          {2005},
}

@article{large_database,
  author =        {Miroslav Goljan, Jessica Fridrich, Tomáš Filler},
  journal =       {State University of New York},
  title =         {{Managing a Large Database of Camera Fingerprints}},
  year =          {2010},
}

@article{cropped_scaled,
  author =        {Miroslav Goljan and Jessica Fridrich},
  journal =       {Department of Electrical and Computer Engineering SUNY Binghamton},
  title =         {{Camera Identification from Cropped and Scaled Images}},
  year =          {2006},
}

@article{age,
  author =        {Jessica Fridrich and Miroslav Goljan},
  journal =       {Department of Electrical and Computer Engineering Binghamton},
  title =         {{Determining Approximate Age of Digital Images Using Sensor Defects}},
  year =          {2005},
}

@article{large_scale,
  author =        {Miroslav Goljan, Jessica Fridrich, and Tomáš Filler},
  journal =       {Department of Electrical and Computer Engineering Binghamton},
  title =         {{Large Scale Test of Sensor Fingerprint Camera Identification}},
  year =          {2006},
}

@article{counter,
  author =        {Miroslav Goljan, Jessica Fridrich, and Mo Chen},
  journal =       {Department of Electrical and Computer Engineering Binghamton},
  title =         {{Sensor Noise Camera Identification: Countering Counter-Forensics}},
  year =          {2007},
}

@article{other_methods,
  author =        {Mohammed Fakhrulddin Abdulqader, Adnan Yousif Dawod, Ann Zeki Ablahd},
  journal =       {University of Kirkuk, College of Computer Science & Information Technology, Department of Computer Science, Kirkuk, Iraq. Technical College Kirkuk, Northern Technical University, Kirkuk, Iraq },
  title =         {{Detection of tamper forgery image in security digital image}},
  year =          {2023},
}

@article{beyond,
  author =        {Manisha, Chang-Tsun Li, Xufeng Lin, Karunakar A. Kotegar},
  journal =       {Sensors },
  title =         {{Beyond PRNU: Learning Robust Device-Specific Fingerprint for Source Camera Identification}},
  year =          {2022},
}

@article{anonymization,
  author =        {Ahmet Karaküçük, Ahmet Emir Dirik},
  journal =       {Digital Investigations },
  title =         {{Adaptive photo-response non-uniformity noise removal against image source attribution}},
  year =          {2015},
}

@article{webcam,
  author =        {Fernando Martín-Rodríguez, Fernando Isasi-de-Vicente},
  journal =       {atlanTTic research center for Telecommunication Technologies, University of Vigo },
  title =         {{PRNU Based Source Camera Identification for Webcam and Smartphone Videos}},
  year =          {2021},
}

@article{compression,
  author =        {Fernando Martín-Rodríguez, Fernando Isasi-de-Vicente},
  journal =       {Media Watermarking, Security, and Forensics 2016, San Francisco, California, USA },
  title =         {{Effect of compression on sensor-fingerprint based camera identification}},
  year =          {2016},
}

@article{gan_fingerprints,
  author =        {Francesco Marra, Diego Gragnaniello, Luisa Verdoliva, Giovanni Poggi},
  journal =       {DIETI – University Federico II of Naples Via Claudio 21, 80125 Napoli – ITALY },
  title =         {{Do GANs leave artificial fingerprints?}},
  year =          {2019},
}

@article{noiseprint,
  author =        {Davide Cozzolino and Luisa Verdoliva},
  journal =       {IEEE TRANSACTIONS ON INFORMATION FORENSICS AND SECURITY, VOL. 15 },
  title =         {{Noiseprint: A CNN-Based Camera Model Fingerprint}},
  year =          {2020},
}

@article{cnn_compression,
  author =        {Sara Mandelli, Nicolò Bonettini, Paolo Bestagini, Stefano Tubaro},
  journal =       {Dipartimento di Elettronica, Informazione e Bioingegneria Politecnico di Milano, Piazza Leonardo da Vinci 32, 20133 Milano, Italy },
  title =         {{Training CNNs in Presence of JPEG Compression: Multimedia Forensics vs Computer Vision}},
  year =          {2020},
}

@article{vdn,
  author =        {Abdullah Chaudhry, Simone Pezzulla},
  journal =       {Elaborazione e Protezione delle Immagini - University of Florence },
  title =         {{Camera Identification task using VDNet and VDID}},
  year =          {2020},
}





